@article{ou_optimal,
  title={Analytic Solutions for Optimal Statistical Arbitrage Trading},
  author={William K. Bertram},
  journal={Physica A Statistical Mechanics \& Its Applications},
  volume={272},
  number={1-2},
  pages={173-187},
  year={1999}
}


@book{pair_trading_book,
    author = {Ganapathy Vidyamurthy},
    title={Pairs Trading - Quantitative Methods and Analysis},
    publisher = {John Wiley \& Sons, Inc.}
}

@article{weight_determination,
    title={Weight Allocation in Multiple Futures Strategy},
    author={Jiarui Feng},
    year={2017}
}

@article{stock_waston_cointegration,
    title={Testing for Common Trends},
    author={Stock, James H. and Mark W. Watson},
    year={1988},
    journal={Journal of the American Statistical Association},
    volume={83},
    number={404},
    pages={1097-1107}
}

@article{trending-ou_tutorial,
    title={The trending Ornstein-Uhlenbeck Process and its Applications in Mathematical Finance},
    author={Christian Thierfelder},
    year={2015},
    journal={Thesis for doctor degree of Oxford University}
}


@article{us_stock,
    title={Statistical Arbitrage in the US Equities Market},
    author={Marco Avellaneda and JeongHyun Lee},
    year={2010},
    journal={Social Science Electronic Publishing},
    volume={10},
    number={7},
    pages={761-782}
}
